@article{ferrer2023high,
  title={: A high-order discontinuous Galerkin solver for flow simulations and multi-physics applications},
  author={Ferrer, Esteban and Rubio, Gonzalo and Ntoukas, Gerasimos and Laskowski, Wojciech and Mari{\~n}o, OA and Colombo, S and Mateo-Gab{\'\i}n, Andr{\'e}s and Marbona, H and de Lara, F Manrique and Huergo, David and others},
  journal={Computer Physics Communications},
  volume={287},
  pages={108700},
  year={2023},
  publisher={Elsevier}
}